%YAML 1.1
%TAG !u! tag:unity3d.com,2011:
--- !u!29 &1
OcclusionCullingSettings:
  m_ObjectHideFlags: 0
  serializedVersion: 2
  m_OcclusionBakeSettings:
    smallestOccluder: 5
    smallestHole: 0.25
    backfaceThreshold: 100
  m_SceneGUID: 00000000000000000000000000000000
  m_OcclusionCullingData: {fileID: 0}
--- !u!104 &2
RenderSettings:
  m_ObjectHideFlags: 0
  serializedVersion: 8
  m_Fog: 0
  m_FogColor: {r: 0.5, g: 0.5, b: 0.5, a: 1}
  m_FogMode: 3
  m_FogDensity: 0.01
  m_LinearFogStart: 0
  m_LinearFogEnd: 300
  m_AmbientSkyColor: {r: 0.212, g: 0.227, b: 0.259, a: 1}
  m_AmbientEquatorColor: {r: 0.114, g: 0.125, b: 0.133, a: 1}
  m_AmbientGroundColor: {r: 0.047, g: 0.043, b: 0.035, a: 1}
  m_AmbientIntensity: 1
  m_AmbientMode: 0
  m_SubtractiveShadowColor: {r: 0.42, g: 0.478, b: 0.627, a: 1}
  m_SkyboxMaterial: {fileID: 2100000, guid: 6cb4f958ca7d94e43bbeeef77938ca16, type: 2}
  m_HaloStrength: 0.5
  m_FlareStrength: 1
  m_FlareFadeSpeed: 3
  m_HaloTexture: {fileID: 0}
  m_SpotCookie: {fileID: 10001, guid: 0000000000000000e000000000000000, type: 0}
  m_DefaultReflectionMode: 0
  m_DefaultReflectionResolution: 128
  m_ReflectionBounces: 1
  m_ReflectionIntensity: 1
  m_CustomReflection: {fileID: 0}
  m_Sun: {fileID: 0}
  m_IndirectSpecularColor: {r: 0, g: 0, b: 0, a: 1}
--- !u!157 &3
LightmapSettings:
  m_ObjectHideFlags: 0
  serializedVersion: 11
  m_GIWorkflowMode: 1
  m_GISettings:
    serializedVersion: 2
    m_BounceScale: 1
    m_IndirectOutputScale: 1
    m_AlbedoBoost: 1
    m_TemporalCoherenceThreshold: 1
    m_EnvironmentLightingMode: 0
    m_EnableBakedLightmaps: 1
    m_EnableRealtimeLightmaps: 1
  m_LightmapEditorSettings:
    serializedVersion: 9
    m_Resolution: 2
    m_BakeResolution: 40
    m_TextureWidth: 1024
    m_TextureHeight: 1024
    m_AO: 0
    m_AOMaxDistance: 1
    m_CompAOExponent: 1
    m_CompAOExponentDirect: 0
    m_Padding: 2
    m_LightmapParameters: {fileID: 0}
    m_LightmapsBakeMode: 1
    m_TextureCompression: 1
    m_FinalGather: 0
    m_FinalGatherFiltering: 1
    m_FinalGatherRayCount: 256
    m_ReflectionCompression: 2
    m_MixedBakeMode: 2
    m_BakeBackend: 0
    m_PVRSampling: 1
    m_PVRDirectSampleCount: 32
    m_PVRSampleCount: 500
    m_PVRBounces: 2
    m_PVRFiltering: 0
    m_PVRFilteringMode: 1
    m_PVRCulling: 1
    m_PVRFilteringGaussRadiusDirect: 1
    m_PVRFilteringGaussRadiusIndirect: 5
    m_PVRFilteringGaussRadiusAO: 2
    m_PVRFilteringAtrousColorSigma: 1
    m_PVRFilteringAtrousNormalSigma: 1
    m_PVRFilteringAtrousPositionSigma: 1
  m_LightingDataAsset: {fileID: 0}
  m_UseShadowmask: 1
--- !u!196 &4
NavMeshSettings:
  serializedVersion: 2
  m_ObjectHideFlags: 0
  m_BuildSettings:
    serializedVersion: 2
    agentTypeID: 0
    agentRadius: 0.5
    agentHeight: 2
    agentSlope: 45
    agentClimb: 0.4
    ledgeDropHeight: 0
    maxJumpAcrossDistance: 0
    minRegionArea: 2
    manualCellSize: 0
    cellSize: 0.16666667
    manualTileSize: 0
    tileSize: 256
    accuratePlacement: 0
  m_NavMeshData: {fileID: 0}
--- !u!1001 &32824487
Prefab:
  m_ObjectHideFlags: 0
  serializedVersion: 2
  m_Modification:
    m_TransformParent: {fileID: 0}
    m_Modifications:
    - target: {fileID: 4284106605999338, guid: a6de3f2ddf81ede498bb4bed28651b37, type: 2}
      propertyPath: m_LocalPosition.x
      value: 2
      objectReference: {fileID: 0}
    - target: {fileID: 4284106605999338, guid: a6de3f2ddf81ede498bb4bed28651b37, type: 2}
      propertyPath: m_LocalPosition.y
      value: 0
      objectReference: {fileID: 0}
    - target: {fileID: 4284106605999338, guid: a6de3f2ddf81ede498bb4bed28651b37, type: 2}
      propertyPath: m_LocalPosition.z
      value: 1303
      objectReference: {fileID: 0}
    - target: {fileID: 4284106605999338, guid: a6de3f2ddf81ede498bb4bed28651b37, type: 2}
      propertyPath: m_LocalRotation.x
      value: 0
      objectReference: {fileID: 0}
    - target: {fileID: 4284106605999338, guid: a6de3f2ddf81ede498bb4bed28651b37, type: 2}
      propertyPath: m_LocalRotation.y
      value: 0.9942355
      objectReference: {fileID: 0}
    - target: {fileID: 4284106605999338, guid: a6de3f2ddf81ede498bb4bed28651b37, type: 2}
      propertyPath: m_LocalRotation.z
      value: -0
      objectReference: {fileID: 0}
    - target: {fileID: 4284106605999338, guid: a6de3f2ddf81ede498bb4bed28651b37, type: 2}
      propertyPath: m_LocalRotation.w
      value: -0.10721841
      objectReference: {fileID: 0}
    - target: {fileID: 4284106605999338, guid: a6de3f2ddf81ede498bb4bed28651b37, type: 2}
      propertyPath: m_RootOrder
      value: 0
      objectReference: {fileID: 0}
    - target: {fileID: 4795579171038716, guid: a6de3f2ddf81ede498bb4bed28651b37, type: 2}
      propertyPath: m_LocalRotation.x
      value: 0.17725915
      objectReference: {fileID: 0}
    - target: {fileID: 4795579171038716, guid: a6de3f2ddf81ede498bb4bed28651b37, type: 2}
      propertyPath: m_LocalRotation.y
      value: -0.13843805
      objectReference: {fileID: 0}
    - target: {fileID: 4795579171038716, guid: a6de3f2ddf81ede498bb4bed28651b37, type: 2}
      propertyPath: m_LocalRotation.z
      value: 0.029145723
      objectReference: {fileID: 0}
    - target: {fileID: 4795579171038716, guid: a6de3f2ddf81ede498bb4bed28651b37, type: 2}
      propertyPath: m_LocalRotation.w
      value: -0.9739428
      objectReference: {fileID: 0}
    - target: {fileID: 4515598036159724, guid: a6de3f2ddf81ede498bb4bed28651b37, type: 2}
      propertyPath: m_LocalRotation.x
      value: 0.07399496
      objectReference: {fileID: 0}
    - target: {fileID: 4515598036159724, guid: a6de3f2ddf81ede498bb4bed28651b37, type: 2}
      propertyPath: m_LocalRotation.y
      value: 0.009242291
      objectReference: {fileID: 0}
    - target: {fileID: 4515598036159724, guid: a6de3f2ddf81ede498bb4bed28651b37, type: 2}
      propertyPath: m_LocalRotation.z
      value: 0.075277895
      objectReference: {fileID: 0}
    - target: {fileID: 4515598036159724, guid: a6de3f2ddf81ede498bb4bed28651b37, type: 2}
      propertyPath: m_LocalRotation.w
      value: -0.9943704
      objectReference: {fileID: 0}
    - target: {fileID: 4059109626002182, guid: a6de3f2ddf81ede498bb4bed28651b37, type: 2}
      propertyPath: m_LocalRotation.x
      value: 0.17725915
      objectReference: {fileID: 0}
    - target: {fileID: 4059109626002182, guid: a6de3f2ddf81ede498bb4bed28651b37, type: 2}
      propertyPath: m_LocalRotation.y
      value: -0.13843805
      objectReference: {fileID: 0}
    - target: {fileID: 4059109626002182, guid: a6de3f2ddf81ede498bb4bed28651b37, type: 2}
      propertyPath: m_LocalRotation.z
      value: 0.029145693
      objectReference: {fileID: 0}
    - target: {fileID: 4059109626002182, guid: a6de3f2ddf81ede498bb4bed28651b37, type: 2}
      propertyPath: m_LocalRotation.w
      value: -0.9739428
      objectReference: {fileID: 0}
    - target: {fileID: 224739490331973942, guid: a6de3f2ddf81ede498bb4bed28651b37,
        type: 2}
      propertyPath: m_AnchorMax.x
      value: 0
      objectReference: {fileID: 0}
    - target: {fileID: 224739490331973942, guid: a6de3f2ddf81ede498bb4bed28651b37,
        type: 2}
      propertyPath: m_AnchorMax.y
      value: 0
      objectReference: {fileID: 0}
    - target: {fileID: 224245931654482928, guid: a6de3f2ddf81ede498bb4bed28651b37,
        type: 2}
      propertyPath: m_AnchorMin.x
      value: 0
      objectReference: {fileID: 0}
    - target: {fileID: 224245931654482928, guid: a6de3f2ddf81ede498bb4bed28651b37,
        type: 2}
      propertyPath: m_AnchorMax.x
      value: 0
      objectReference: {fileID: 0}
    - target: {fileID: 224245931654482928, guid: a6de3f2ddf81ede498bb4bed28651b37,
        type: 2}
      propertyPath: m_AnchorMax.y
      value: 0
      objectReference: {fileID: 0}
    - target: {fileID: 224824988324286250, guid: a6de3f2ddf81ede498bb4bed28651b37,
        type: 2}
      propertyPath: m_AnchorMax.x
      value: 0
      objectReference: {fileID: 0}
    - target: {fileID: 224824988324286250, guid: a6de3f2ddf81ede498bb4bed28651b37,
        type: 2}
      propertyPath: m_AnchorMax.y
      value: 0
      objectReference: {fileID: 0}
    - target: {fileID: 224449500861884998, guid: a6de3f2ddf81ede498bb4bed28651b37,
        type: 2}
      propertyPath: m_AnchorMin.x
      value: 0
      objectReference: {fileID: 0}
    - target: {fileID: 224449500861884998, guid: a6de3f2ddf81ede498bb4bed28651b37,
        type: 2}
      propertyPath: m_AnchorMax.x
      value: 0
      objectReference: {fileID: 0}
    - target: {fileID: 224449500861884998, guid: a6de3f2ddf81ede498bb4bed28651b37,
        type: 2}
      propertyPath: m_AnchorMax.y
      value: 0
      objectReference: {fileID: 0}
    - target: {fileID: 114716110911822202, guid: a6de3f2ddf81ede498bb4bed28651b37,
        type: 2}
      propertyPath: tweenLocalPosition
      value: 0
      objectReference: {fileID: 0}
    - target: {fileID: 114716110911822202, guid: a6de3f2ddf81ede498bb4bed28651b37,
        type: 2}
      propertyPath: tweenLocalRotation
      value: 0
      objectReference: {fileID: 0}
    - target: {fileID: 114716110911822202, guid: a6de3f2ddf81ede498bb4bed28651b37,
        type: 2}
      propertyPath: tweenLocalScale
      value: 0
      objectReference: {fileID: 0}
    - target: {fileID: 114716110911822202, guid: a6de3f2ddf81ede498bb4bed28651b37,
        type: 2}
      propertyPath: tweenSmoothType
      value: 1
      objectReference: {fileID: 0}
    - target: {fileID: 114722431087217628, guid: a6de3f2ddf81ede498bb4bed28651b37,
        type: 2}
      propertyPath: tweenSmoothType
      value: 1
      objectReference: {fileID: 0}
    - target: {fileID: 114369519616360698, guid: a6de3f2ddf81ede498bb4bed28651b37,
        type: 2}
      propertyPath: tweenSmoothType
      value: 1
      objectReference: {fileID: 0}
    - target: {fileID: 114369519616360698, guid: a6de3f2ddf81ede498bb4bed28651b37,
        type: 2}
      propertyPath: tweenDuration
      value: 1
      objectReference: {fileID: 0}
    - target: {fileID: 114722431087217628, guid: a6de3f2ddf81ede498bb4bed28651b37,
        type: 2}
      propertyPath: tweenDuration
      value: 1
      objectReference: {fileID: 0}
    - target: {fileID: 114716110911822202, guid: a6de3f2ddf81ede498bb4bed28651b37,
        type: 2}
      propertyPath: tweenDuration
      value: 0.001
      objectReference: {fileID: 0}
    - target: {fileID: 114722431087217628, guid: a6de3f2ddf81ede498bb4bed28651b37,
        type: 2}
      propertyPath: tweenLocalPosition
      value: 0
      objectReference: {fileID: 0}
    - target: {fileID: 114722431087217628, guid: a6de3f2ddf81ede498bb4bed28651b37,
        type: 2}
      propertyPath: tweenLocalRotation
      value: 0
      objectReference: {fileID: 0}
    - target: {fileID: 114369519616360698, guid: a6de3f2ddf81ede498bb4bed28651b37,
        type: 2}
      propertyPath: tweenLocalPosition
      value: 0
      objectReference: {fileID: 0}
    - target: {fileID: 114369519616360698, guid: a6de3f2ddf81ede498bb4bed28651b37,
        type: 2}
      propertyPath: tweenLocalRotation
      value: 0
      objectReference: {fileID: 0}
    - target: {fileID: 114369519616360698, guid: a6de3f2ddf81ede498bb4bed28651b37,
        type: 2}
      propertyPath: tweenLocalScale
      value: 0
      objectReference: {fileID: 0}
    - target: {fileID: 114722431087217628, guid: a6de3f2ddf81ede498bb4bed28651b37,
        type: 2}
      propertyPath: tweenLocalScale
      value: 0
      objectReference: {fileID: 0}
    m_RemovedComponents: []
  m_ParentPrefab: {fileID: 100100000, guid: a6de3f2ddf81ede498bb4bed28651b37, type: 2}
  m_IsPrefabParent: 0
--- !u!4 &124975445 stripped
Transform:
  m_PrefabParentObject: {fileID: 400000, guid: b7a8ecd7602610a4bbb510bdb9523c4f, type: 3}
  m_PrefabInternal: {fileID: 730530230}
--- !u!1001 &128026470
Prefab:
  m_ObjectHideFlags: 0
  serializedVersion: 2
  m_Modification:
    m_TransformParent: {fileID: 124975445}
    m_Modifications:
    - target: {fileID: 400002, guid: d959d8b37f229d140b4fab6a1b505332, type: 3}
      propertyPath: m_LocalPosition.x
      value: -0
      objectReference: {fileID: 0}
    - target: {fileID: 400002, guid: d959d8b37f229d140b4fab6a1b505332, type: 3}
      propertyPath: m_LocalPosition.y
      value: 0
      objectReference: {fileID: 0}
    - target: {fileID: 400002, guid: d959d8b37f229d140b4fab6a1b505332, type: 3}
      propertyPath: m_LocalPosition.z
      value: 0
      objectReference: {fileID: 0}
    - target: {fileID: 400002, guid: d959d8b37f229d140b4fab6a1b505332, type: 3}
      propertyPath: m_LocalRotation.x
      value: 0
      objectReference: {fileID: 0}
    - target: {fileID: 400002, guid: d959d8b37f229d140b4fab6a1b505332, type: 3}
      propertyPath: m_LocalRotation.y
      value: -0
      objectReference: {fileID: 0}
    - target: {fileID: 400002, guid: d959d8b37f229d140b4fab6a1b505332, type: 3}
      propertyPath: m_LocalRotation.z
      value: -0
      objectReference: {fileID: 0}
    - target: {fileID: 400002, guid: d959d8b37f229d140b4fab6a1b505332, type: 3}
      propertyPath: m_LocalRotation.w
      value: 1
      objectReference: {fileID: 0}
    - target: {fileID: 400002, guid: d959d8b37f229d140b4fab6a1b505332, type: 3}
      propertyPath: m_RootOrder
      value: 0
      objectReference: {fileID: 0}
    - target: {fileID: 400002, guid: d959d8b37f229d140b4fab6a1b505332, type: 3}
      propertyPath: m_LocalScale.x
      value: 2
      objectReference: {fileID: 0}
    - target: {fileID: 400002, guid: d959d8b37f229d140b4fab6a1b505332, type: 3}
      propertyPath: m_LocalScale.y
      value: 2
      objectReference: {fileID: 0}
    - target: {fileID: 400002, guid: d959d8b37f229d140b4fab6a1b505332, type: 3}
      propertyPath: m_LocalScale.z
      value: 2
      objectReference: {fileID: 0}
    m_RemovedComponents: []
  m_ParentPrefab: {fileID: 100100000, guid: d959d8b37f229d140b4fab6a1b505332, type: 3}
  m_IsPrefabParent: 0
--- !u!1001 &226674656
Prefab:
  m_ObjectHideFlags: 0
  serializedVersion: 2
  m_Modification:
    m_TransformParent: {fileID: 0}
    m_Modifications:
    - target: {fileID: 4999453344409130, guid: 5d69d153b30fac84ba5da8a8fd1689db, type: 2}
      propertyPath: m_LocalPosition.x
      value: 0
      objectReference: {fileID: 0}
    - target: {fileID: 4999453344409130, guid: 5d69d153b30fac84ba5da8a8fd1689db, type: 2}
      propertyPath: m_LocalPosition.y
      value: 0
      objectReference: {fileID: 0}
    - target: {fileID: 4999453344409130, guid: 5d69d153b30fac84ba5da8a8fd1689db, type: 2}
      propertyPath: m_LocalPosition.z
      value: 0
      objectReference: {fileID: 0}
    - target: {fileID: 4999453344409130, guid: 5d69d153b30fac84ba5da8a8fd1689db, type: 2}
      propertyPath: m_LocalRotation.x
      value: 0
      objectReference: {fileID: 0}
    - target: {fileID: 4999453344409130, guid: 5d69d153b30fac84ba5da8a8fd1689db, type: 2}
      propertyPath: m_LocalRotation.y
      value: 0
      objectReference: {fileID: 0}
    - target: {fileID: 4999453344409130, guid: 5d69d153b30fac84ba5da8a8fd1689db, type: 2}
      propertyPath: m_LocalRotation.z
      value: 0
      objectReference: {fileID: 0}
    - target: {fileID: 4999453344409130, guid: 5d69d153b30fac84ba5da8a8fd1689db, type: 2}
      propertyPath: m_LocalRotation.w
      value: 1
      objectReference: {fileID: 0}
    - target: {fileID: 4999453344409130, guid: 5d69d153b30fac84ba5da8a8fd1689db, type: 2}
      propertyPath: m_RootOrder
      value: 1
      objectReference: {fileID: 0}
    - target: {fileID: 4743165397864964, guid: 5d69d153b30fac84ba5da8a8fd1689db, type: 2}
      propertyPath: m_LocalScale.x
      value: 50
      objectReference: {fileID: 0}
    - target: {fileID: 4743165397864964, guid: 5d69d153b30fac84ba5da8a8fd1689db, type: 2}
      propertyPath: m_LocalScale.y
      value: 50
      objectReference: {fileID: 0}
    - target: {fileID: 4743165397864964, guid: 5d69d153b30fac84ba5da8a8fd1689db, type: 2}
      propertyPath: m_LocalScale.z
      value: 50
      objectReference: {fileID: 0}
    - target: {fileID: 4927202984965172, guid: 5d69d153b30fac84ba5da8a8fd1689db, type: 2}
      propertyPath: m_LocalScale.x
      value: 50
      objectReference: {fileID: 0}
    - target: {fileID: 4927202984965172, guid: 5d69d153b30fac84ba5da8a8fd1689db, type: 2}
      propertyPath: m_LocalScale.y
      value: 50
      objectReference: {fileID: 0}
    - target: {fileID: 4927202984965172, guid: 5d69d153b30fac84ba5da8a8fd1689db, type: 2}
      propertyPath: m_LocalScale.z
      value: 50
      objectReference: {fileID: 0}
    - target: {fileID: 4974078163315740, guid: 5d69d153b30fac84ba5da8a8fd1689db, type: 2}
      propertyPath: m_LocalScale.x
      value: 8
      objectReference: {fileID: 0}
    - target: {fileID: 4974078163315740, guid: 5d69d153b30fac84ba5da8a8fd1689db, type: 2}
      propertyPath: m_LocalScale.y
      value: 8
      objectReference: {fileID: 0}
    - target: {fileID: 4974078163315740, guid: 5d69d153b30fac84ba5da8a8fd1689db, type: 2}
      propertyPath: m_LocalScale.z
      value: 8
      objectReference: {fileID: 0}
    - target: {fileID: 4999453344409130, guid: 5d69d153b30fac84ba5da8a8fd1689db, type: 2}
      propertyPath: m_LocalScale.x
      value: 50
      objectReference: {fileID: 0}
    - target: {fileID: 4999453344409130, guid: 5d69d153b30fac84ba5da8a8fd1689db, type: 2}
      propertyPath: m_LocalScale.y
      value: 50
      objectReference: {fileID: 0}
    - target: {fileID: 4999453344409130, guid: 5d69d153b30fac84ba5da8a8fd1689db, type: 2}
      propertyPath: m_LocalScale.z
      value: 50
      objectReference: {fileID: 0}
    m_RemovedComponents: []
  m_ParentPrefab: {fileID: 100100000, guid: 5d69d153b30fac84ba5da8a8fd1689db, type: 2}
  m_IsPrefabParent: 0
--- !u!114 &543746340 stripped
MonoBehaviour:
  m_PrefabParentObject: {fileID: 114198784108391798, guid: a6de3f2ddf81ede498bb4bed28651b37,
    type: 2}
  m_PrefabInternal: {fileID: 32824487}
  m_Script: {fileID: 11500000, guid: 6e86813798558c942bcf3b95397464c1, type: 3}
--- !u!1001 &564006910
Prefab:
  m_ObjectHideFlags: 0
  serializedVersion: 2
  m_Modification:
    m_TransformParent: {fileID: 0}
    m_Modifications:
    - target: {fileID: 400000, guid: b7a8ecd7602610a4bbb510bdb9523c4f, type: 3}
      propertyPath: m_LocalPosition.x
      value: 0
      objectReference: {fileID: 0}
    - target: {fileID: 400000, guid: b7a8ecd7602610a4bbb510bdb9523c4f, type: 3}
      propertyPath: m_LocalPosition.y
      value: 0
      objectReference: {fileID: 0}
    - target: {fileID: 400000, guid: b7a8ecd7602610a4bbb510bdb9523c4f, type: 3}
      propertyPath: m_LocalPosition.z
      value: 2500
      objectReference: {fileID: 0}
    - target: {fileID: 400000, guid: b7a8ecd7602610a4bbb510bdb9523c4f, type: 3}
      propertyPath: m_LocalRotation.x
      value: 0
      objectReference: {fileID: 0}
    - target: {fileID: 400000, guid: b7a8ecd7602610a4bbb510bdb9523c4f, type: 3}
      propertyPath: m_LocalRotation.y
      value: 0
      objectReference: {fileID: 0}
    - target: {fileID: 400000, guid: b7a8ecd7602610a4bbb510bdb9523c4f, type: 3}
      propertyPath: m_LocalRotation.z
      value: 0
      objectReference: {fileID: 0}
    - target: {fileID: 400000, guid: b7a8ecd7602610a4bbb510bdb9523c4f, type: 3}
      propertyPath: m_LocalRotation.w
      value: 1
      objectReference: {fileID: 0}
    - target: {fileID: 400000, guid: b7a8ecd7602610a4bbb510bdb9523c4f, type: 3}
      propertyPath: m_RootOrder
      value: 3
      objectReference: {fileID: 0}
    - target: {fileID: 100000, guid: b7a8ecd7602610a4bbb510bdb9523c4f, type: 3}
      propertyPath: m_Name
      value: PlanetModel2
      objectReference: {fileID: 0}
    - target: {fileID: 2300000, guid: b7a8ecd7602610a4bbb510bdb9523c4f, type: 3}
      propertyPath: m_Materials.Array.data[0]
      value: 
      objectReference: {fileID: 2100000, guid: 7e6e34984e4cb2a428d23b16d9977f8a, type: 2}
    - target: {fileID: 400000, guid: b7a8ecd7602610a4bbb510bdb9523c4f, type: 3}
      propertyPath: m_LocalScale.x
      value: 150
      objectReference: {fileID: 0}
    - target: {fileID: 400000, guid: b7a8ecd7602610a4bbb510bdb9523c4f, type: 3}
      propertyPath: m_LocalScale.y
      value: 150
      objectReference: {fileID: 0}
    - target: {fileID: 400000, guid: b7a8ecd7602610a4bbb510bdb9523c4f, type: 3}
      propertyPath: m_LocalScale.z
      value: 150
      objectReference: {fileID: 0}
    - target: {fileID: 100000, guid: b7a8ecd7602610a4bbb510bdb9523c4f, type: 3}
      propertyPath: m_Layer
      value: 12
      objectReference: {fileID: 0}
    m_RemovedComponents: []
  m_ParentPrefab: {fileID: 100100000, guid: b7a8ecd7602610a4bbb510bdb9523c4f, type: 3}
  m_IsPrefabParent: 0
--- !u!4 &564006911 stripped
Transform:
  m_PrefabParentObject: {fileID: 400000, guid: b7a8ecd7602610a4bbb510bdb9523c4f, type: 3}
  m_PrefabInternal: {fileID: 564006910}
--- !u!1001 &730530230
Prefab:
  m_ObjectHideFlags: 0
  serializedVersion: 2
  m_Modification:
    m_TransformParent: {fileID: 0}
    m_Modifications:
    - target: {fileID: 400000, guid: b7a8ecd7602610a4bbb510bdb9523c4f, type: 3}
      propertyPath: m_LocalPosition.x
      value: 4000
      objectReference: {fileID: 0}
    - target: {fileID: 400000, guid: b7a8ecd7602610a4bbb510bdb9523c4f, type: 3}
      propertyPath: m_LocalPosition.y
      value: 0
      objectReference: {fileID: 0}
    - target: {fileID: 400000, guid: b7a8ecd7602610a4bbb510bdb9523c4f, type: 3}
      propertyPath: m_LocalPosition.z
      value: 1000
      objectReference: {fileID: 0}
    - target: {fileID: 400000, guid: b7a8ecd7602610a4bbb510bdb9523c4f, type: 3}
      propertyPath: m_LocalRotation.x
      value: 0
      objectReference: {fileID: 0}
    - target: {fileID: 400000, guid: b7a8ecd7602610a4bbb510bdb9523c4f, type: 3}
      propertyPath: m_LocalRotation.y
      value: 0
      objectReference: {fileID: 0}
    - target: {fileID: 400000, guid: b7a8ecd7602610a4bbb510bdb9523c4f, type: 3}
      propertyPath: m_LocalRotation.z
      value: 0
      objectReference: {fileID: 0}
    - target: {fileID: 400000, guid: b7a8ecd7602610a4bbb510bdb9523c4f, type: 3}
      propertyPath: m_LocalRotation.w
      value: 1
      objectReference: {fileID: 0}
    - target: {fileID: 400000, guid: b7a8ecd7602610a4bbb510bdb9523c4f, type: 3}
      propertyPath: m_RootOrder
      value: 4
      objectReference: {fileID: 0}
    - target: {fileID: 2300000, guid: b7a8ecd7602610a4bbb510bdb9523c4f, type: 3}
      propertyPath: m_Materials.Array.data[0]
      value: 
      objectReference: {fileID: 2100000, guid: 304c6fd16a0ede644be7b3a03eda8b63, type: 2}
    - target: {fileID: 400000, guid: b7a8ecd7602610a4bbb510bdb9523c4f, type: 3}
      propertyPath: m_LocalScale.x
      value: 150
      objectReference: {fileID: 0}
    - target: {fileID: 400000, guid: b7a8ecd7602610a4bbb510bdb9523c4f, type: 3}
      propertyPath: m_LocalScale.y
      value: 150
      objectReference: {fileID: 0}
    - target: {fileID: 400000, guid: b7a8ecd7602610a4bbb510bdb9523c4f, type: 3}
      propertyPath: m_LocalScale.z
      value: 150
      objectReference: {fileID: 0}
    m_RemovedComponents: []
  m_ParentPrefab: {fileID: 100100000, guid: b7a8ecd7602610a4bbb510bdb9523c4f, type: 3}
  m_IsPrefabParent: 0
--- !u!1 &834630640 stripped
GameObject:
  m_PrefabParentObject: {fileID: 100000, guid: b7a8ecd7602610a4bbb510bdb9523c4f, type: 3}
  m_PrefabInternal: {fileID: 564006910}
--- !u!114 &834630641
MonoBehaviour:
  m_ObjectHideFlags: 0
  m_PrefabParentObject: {fileID: 0}
  m_PrefabInternal: {fileID: 0}
  m_GameObject: {fileID: 834630640}
  m_Enabled: 1
  m_EditorHideFlags: 0
  m_Script: {fileID: 11500000, guid: aa68102a7a680494e8aebcb200a80524, type: 3}
  m_Name: 
  m_EditorClassIdentifier: 
  sun: {fileID: 886127219}
  loadingScreenManager: {fileID: 543746340}
  rotationSpeed: 15
  rotationAxis: {x: 0, y: 1, z: 0}
  canEnter: 1
--- !u!135 &834630642
SphereCollider:
  m_ObjectHideFlags: 0
  m_PrefabParentObject: {fileID: 0}
  m_PrefabInternal: {fileID: 0}
  m_GameObject: {fileID: 834630640}
  m_Material: {fileID: 0}
  m_IsTrigger: 1
  m_Enabled: 1
  serializedVersion: 2
  m_Radius: 1.52
  m_Center: {x: 0, y: 0, z: 0}
--- !u!1 &886127217 stripped
GameObject:
  m_PrefabParentObject: {fileID: 1697336575784286, guid: 5d69d153b30fac84ba5da8a8fd1689db,
    type: 2}
  m_PrefabInternal: {fileID: 226674656}
--- !u!135 &886127218
SphereCollider:
  m_ObjectHideFlags: 0
  m_PrefabParentObject: {fileID: 0}
  m_PrefabInternal: {fileID: 0}
  m_GameObject: {fileID: 886127217}
  m_Material: {fileID: 0}
  m_IsTrigger: 0
  m_Enabled: 1
  serializedVersion: 2
  m_Radius: 9.11
  m_Center: {x: 0, y: 0, z: 0}
--- !u!4 &886127219 stripped
Transform:
  m_PrefabParentObject: {fileID: 4999453344409130, guid: 5d69d153b30fac84ba5da8a8fd1689db,
    type: 2}
  m_PrefabInternal: {fileID: 226674656}
--- !u!1 &1077357540
GameObject:
  m_ObjectHideFlags: 0
  m_PrefabParentObject: {fileID: 0}
  m_PrefabInternal: {fileID: 0}
  serializedVersion: 5
  m_Component:
  - component: {fileID: 1077357541}
  - component: {fileID: 1077357544}
  - component: {fileID: 1077357542}
  m_Layer: 12
  m_Name: Sphere
  m_TagString: Untagged
  m_Icon: {fileID: 0}
  m_NavMeshLayer: 0
  m_StaticEditorFlags: 0
  m_IsActive: 1
--- !u!4 &1077357541
Transform:
  m_ObjectHideFlags: 0
  m_PrefabParentObject: {fileID: 0}
  m_PrefabInternal: {fileID: 0}
  m_GameObject: {fileID: 1077357540}
  m_LocalRotation: {x: 0, y: 0, z: 0, w: 1}
  m_LocalPosition: {x: 0, y: 0, z: 0}
  m_LocalScale: {x: 3, y: 3, z: 3}
  m_Children: []
  m_Father: {fileID: 564006911}
  m_RootOrder: 0
  m_LocalEulerAnglesHint: {x: 0, y: 0, z: 0}
--- !u!23 &1077357542
MeshRenderer:
  m_ObjectHideFlags: 0
  m_PrefabParentObject: {fileID: 0}
  m_PrefabInternal: {fileID: 0}
  m_GameObject: {fileID: 1077357540}
  m_Enabled: 1
  m_CastShadows: 1
  m_ReceiveShadows: 1
  m_MotionVectors: 1
  m_LightProbeUsage: 1
  m_ReflectionProbeUsage: 1
  m_Materials:
  - {fileID: 2100000, guid: a46dc4cc8067cdc40b47dc8279609835, type: 2}
  m_StaticBatchInfo:
    firstSubMesh: 0
    subMeshCount: 0
  m_StaticBatchRoot: {fileID: 0}
  m_ProbeAnchor: {fileID: 0}
  m_LightProbeVolumeOverride: {fileID: 0}
  m_ScaleInLightmap: 1
  m_PreserveUVs: 1
  m_IgnoreNormalsForChartDetection: 0
  m_ImportantGI: 0
  m_SelectedEditorRenderState: 3
  m_MinimumChartSize: 4
  m_AutoUVMaxDistance: 0.5
  m_AutoUVMaxAngle: 89
  m_LightmapParameters: {fileID: 0}
  m_SortingLayerID: 0
  m_SortingLayer: 0
  m_SortingOrder: 0
--- !u!33 &1077357544
MeshFilter:
  m_ObjectHideFlags: 0
  m_PrefabParentObject: {fileID: 0}
  m_PrefabInternal: {fileID: 0}
  m_GameObject: {fileID: 1077357540}
  m_Mesh: {fileID: 10207, guid: 0000000000000000e000000000000000, type: 0}
--- !u!1001 &1092146584
Prefab:
  m_ObjectHideFlags: 0
  serializedVersion: 2
  m_Modification:
    m_TransformParent: {fileID: 0}
    m_Modifications:
    - target: {fileID: 400000, guid: b7a8ecd7602610a4bbb510bdb9523c4f, type: 3}
      propertyPath: m_LocalPosition.x
      value: 1000
      objectReference: {fileID: 0}
    - target: {fileID: 400000, guid: b7a8ecd7602610a4bbb510bdb9523c4f, type: 3}
      propertyPath: m_LocalPosition.y
      value: 0
      objectReference: {fileID: 0}
    - target: {fileID: 400000, guid: b7a8ecd7602610a4bbb510bdb9523c4f, type: 3}
      propertyPath: m_LocalPosition.z
      value: 0
      objectReference: {fileID: 0}
    - target: {fileID: 400000, guid: b7a8ecd7602610a4bbb510bdb9523c4f, type: 3}
      propertyPath: m_LocalRotation.x
      value: 0
      objectReference: {fileID: 0}
    - target: {fileID: 400000, guid: b7a8ecd7602610a4bbb510bdb9523c4f, type: 3}
      propertyPath: m_LocalRotation.y
      value: 0
      objectReference: {fileID: 0}
    - target: {fileID: 400000, guid: b7a8ecd7602610a4bbb510bdb9523c4f, type: 3}
      propertyPath: m_LocalRotation.z
      value: 0
      objectReference: {fileID: 0}
    - target: {fileID: 400000, guid: b7a8ecd7602610a4bbb510bdb9523c4f, type: 3}
      propertyPath: m_LocalRotation.w
      value: 1
      objectReference: {fileID: 0}
    - target: {fileID: 400000, guid: b7a8ecd7602610a4bbb510bdb9523c4f, type: 3}
      propertyPath: m_RootOrder
      value: 2
      objectReference: {fileID: 0}
    - target: {fileID: 100000, guid: b7a8ecd7602610a4bbb510bdb9523c4f, type: 3}
      propertyPath: m_Name
      value: PlanetModel3
      objectReference: {fileID: 0}
    - target: {fileID: 2300000, guid: b7a8ecd7602610a4bbb510bdb9523c4f, type: 3}
      propertyPath: m_Materials.Array.data[0]
      value: 
      objectReference: {fileID: 2100000, guid: 23bc79c16bac6014381df102568af9ac, type: 2}
    - target: {fileID: 400000, guid: b7a8ecd7602610a4bbb510bdb9523c4f, type: 3}
      propertyPath: m_LocalScale.x
      value: 150
      objectReference: {fileID: 0}
    - target: {fileID: 400000, guid: b7a8ecd7602610a4bbb510bdb9523c4f, type: 3}
      propertyPath: m_LocalScale.y
      value: 150
      objectReference: {fileID: 0}
    - target: {fileID: 400000, guid: b7a8ecd7602610a4bbb510bdb9523c4f, type: 3}
      propertyPath: m_LocalScale.z
      value: 150
      objectReference: {fileID: 0}
    m_RemovedComponents: []
  m_ParentPrefab: {fileID: 100100000, guid: b7a8ecd7602610a4bbb510bdb9523c4f, type: 3}
  m_IsPrefabParent: 0
--- !u!1 &1344892088
GameObject:
  m_ObjectHideFlags: 0
  m_PrefabParentObject: {fileID: 0}
  m_PrefabInternal: {fileID: 0}
  serializedVersion: 5
  m_Component:
  - component: {fileID: 1344892090}
  - component: {fileID: 1344892089}
  m_Layer: 0
  m_Name: Directional Light
  m_TagString: Untagged
  m_Icon: {fileID: 0}
  m_NavMeshLayer: 0
  m_StaticEditorFlags: 0
  m_IsActive: 1
--- !u!108 &1344892089
Light:
  m_ObjectHideFlags: 0
  m_PrefabParentObject: {fileID: 0}
  m_PrefabInternal: {fileID: 0}
  m_GameObject: {fileID: 1344892088}
  m_Enabled: 1
  serializedVersion: 8
  m_Type: 1
  m_Color: {r: 1, g: 1, b: 1, a: 1}
  m_Intensity: 1.67
  m_Range: 10
  m_SpotAngle: 30
  m_CookieSize: 10
  m_Shadows:
    m_Type: 0
    m_Resolution: -1
    m_CustomResolution: -1
    m_Strength: 1
    m_Bias: 0
    m_NormalBias: 0
    m_NearPlane: 0.2
  m_Cookie: {fileID: 0}
  m_DrawHalo: 0
  m_Flare: {fileID: 0}
  m_RenderMode: 0
  m_CullingMask:
    serializedVersion: 2
    m_Bits: 4294967295
  m_Lightmapping: 4
  m_AreaSize: {x: 1, y: 1}
  m_BounceIntensity: 1
  m_ColorTemperature: 6570
  m_UseColorTemperature: 0
  m_ShadowRadius: 0
  m_ShadowAngle: 0
--- !u!4 &1344892090
Transform:
  m_ObjectHideFlags: 0
  m_PrefabParentObject: {fileID: 0}
  m_PrefabInternal: {fileID: 0}
  m_GameObject: {fileID: 1344892088}
  m_LocalRotation: {x: 0.40821788, y: -0.23456968, z: 0.10938163, w: 0.8754261}
  m_LocalPosition: {x: -118, y: 351, z: 115}
  m_LocalScale: {x: 1, y: 1, z: 1}
  m_Children: []
  m_Father: {fileID: 0}
  m_RootOrder: 5
  m_LocalEulerAnglesHint: {x: 50, y: -30, z: 0}
--- !u!1 &1666489021
GameObject:
  m_ObjectHideFlags: 0
  m_PrefabParentObject: {fileID: 0}
  m_PrefabInternal: {fileID: 0}
  serializedVersion: 5
  m_Component:
  - component: {fileID: 1666489024}
  - component: {fileID: 1666489023}
  - component: {fileID: 1666489022}
  m_Layer: 0
  m_Name: EventSystem
  m_TagString: Untagged
  m_Icon: {fileID: 0}
  m_NavMeshLayer: 0
  m_StaticEditorFlags: 0
  m_IsActive: 1
--- !u!114 &1666489022
MonoBehaviour:
  m_ObjectHideFlags: 0
  m_PrefabParentObject: {fileID: 0}
  m_PrefabInternal: {fileID: 0}
  m_GameObject: {fileID: 1666489021}
  m_Enabled: 1
  m_EditorHideFlags: 0
  m_Script: {fileID: 1077351063, guid: f70555f144d8491a825f0804e09c671c, type: 3}
  m_Name: 
  m_EditorClassIdentifier: 
  m_HorizontalAxis: Horizontal
  m_VerticalAxis: Vertical
  m_SubmitButton: Submit
  m_CancelButton: Cancel
  m_InputActionsPerSecond: 10
  m_RepeatDelay: 0.5
  m_ForceModuleActive: 0
--- !u!114 &1666489023
MonoBehaviour:
  m_ObjectHideFlags: 0
  m_PrefabParentObject: {fileID: 0}
  m_PrefabInternal: {fileID: 0}
  m_GameObject: {fileID: 1666489021}
  m_Enabled: 1
  m_EditorHideFlags: 0
  m_Script: {fileID: -619905303, guid: f70555f144d8491a825f0804e09c671c, type: 3}
  m_Name: 
  m_EditorClassIdentifier: 
  m_FirstSelected: {fileID: 0}
  m_sendNavigationEvents: 1
  m_DragThreshold: 5
--- !u!4 &1666489024
Transform:
  m_ObjectHideFlags: 0
  m_PrefabParentObject: {fileID: 0}
  m_PrefabInternal: {fileID: 0}
  m_GameObject: {fileID: 1666489021}
  m_LocalRotation: {x: 0, y: 0, z: 0, w: 1}
  m_LocalPosition: {x: 0, y: 0, z: 0}
  m_LocalScale: {x: 1, y: 1, z: 1}
  m_Children: []
  m_Father: {fileID: 0}
  m_RootOrder: 6
  m_LocalEulerAnglesHint: {x: 0, y: 0, z: 0}
--- !u!4 &1802388111 stripped
Transform:
  m_PrefabParentObject: {fileID: 400000, guid: b7a8ecd7602610a4bbb510bdb9523c4f, type: 3}
  m_PrefabInternal: {fileID: 1092146584}
--- !u!1001 &1855616180
Prefab:
  m_ObjectHideFlags: 0
  serializedVersion: 2
  m_Modification:
    m_TransformParent: {fileID: 1802388111}
    m_Modifications:
    - target: {fileID: 400002, guid: d959d8b37f229d140b4fab6a1b505332, type: 3}
      propertyPath: m_LocalPosition.x
      value: -0
      objectReference: {fileID: 0}
    - target: {fileID: 400002, guid: d959d8b37f229d140b4fab6a1b505332, type: 3}
      propertyPath: m_LocalPosition.y
      value: 0
      objectReference: {fileID: 0}
    - target: {fileID: 400002, guid: d959d8b37f229d140b4fab6a1b505332, type: 3}
      propertyPath: m_LocalPosition.z
      value: 0
      objectReference: {fileID: 0}
    - target: {fileID: 400002, guid: d959d8b37f229d140b4fab6a1b505332, type: 3}
      propertyPath: m_LocalRotation.x
      value: 0
      objectReference: {fileID: 0}
    - target: {fileID: 400002, guid: d959d8b37f229d140b4fab6a1b505332, type: 3}
      propertyPath: m_LocalRotation.y
      value: -0
      objectReference: {fileID: 0}
    - target: {fileID: 400002, guid: d959d8b37f229d140b4fab6a1b505332, type: 3}
      propertyPath: m_LocalRotation.z
      value: -0
      objectReference: {fileID: 0}
    - target: {fileID: 400002, guid: d959d8b37f229d140b4fab6a1b505332, type: 3}
      propertyPath: m_LocalRotation.w
      value: 1
      objectReference: {fileID: 0}
    - target: {fileID: 400002, guid: d959d8b37f229d140b4fab6a1b505332, type: 3}
      propertyPath: m_RootOrder
      value: 0
      objectReference: {fileID: 0}
    - target: {fileID: 400002, guid: d959d8b37f229d140b4fab6a1b505332, type: 3}
      propertyPath: m_LocalScale.x
      value: 2
      objectReference: {fileID: 0}
    - target: {fileID: 400002, guid: d959d8b37f229d140b4fab6a1b505332, type: 3}
      propertyPath: m_LocalScale.y
      value: 2
      objectReference: {fileID: 0}
    - target: {fileID: 400002, guid: d959d8b37f229d140b4fab6a1b505332, type: 3}
      propertyPath: m_LocalScale.z
      value: 2
      objectReference: {fileID: 0}
    m_RemovedComponents: []
  m_ParentPrefab: {fileID: 100100000, guid: d959d8b37f229d140b4fab6a1b505332, type: 3}
  m_IsPrefabParent: 0
--- !u!1 &1952847084 stripped
GameObject:
  m_PrefabParentObject: {fileID: 100000, guid: b7a8ecd7602610a4bbb510bdb9523c4f, type: 3}
  m_PrefabInternal: {fileID: 730530230}
--- !u!114 &1952847085
MonoBehaviour:
  m_ObjectHideFlags: 0
  m_PrefabParentObject: {fileID: 0}
  m_PrefabInternal: {fileID: 0}
  m_GameObject: {fileID: 1952847084}
  m_Enabled: 1
  m_EditorHideFlags: 0
  m_Script: {fileID: 11500000, guid: aa68102a7a680494e8aebcb200a80524, type: 3}
  m_Name: 
  m_EditorClassIdentifier: 
  sun: {fileID: 886127219}
  loadingScreenManager: {fileID: 543746340}
  rotationSpeed: 5
  rotationAxis: {x: 0, y: 1, z: 0}
  canEnter: 0
--- !u!135 &1952847086
SphereCollider:
  m_ObjectHideFlags: 0
  m_PrefabParentObject: {fileID: 0}
  m_PrefabInternal: {fileID: 0}
  m_GameObject: {fileID: 1952847084}
  m_Material: {fileID: 0}
  m_IsTrigger: 0
  m_Enabled: 1
  serializedVersion: 2
  m_Radius: 1.97
  m_Center: {x: 0.0000019073486, y: 0.000000029802322, z: 0.0002657175}
--- !u!1 &1975177311 stripped
GameObject:
  m_PrefabParentObject: {fileID: 100000, guid: b7a8ecd7602610a4bbb510bdb9523c4f, type: 3}
  m_PrefabInternal: {fileID: 1092146584}
--- !u!114 &1975177312
MonoBehaviour:
  m_ObjectHideFlags: 0
  m_PrefabParentObject: {fileID: 0}
  m_PrefabInternal: {fileID: 0}
  m_GameObject: {fileID: 1975177311}
  m_Enabled: 1
  m_EditorHideFlags: 0
  m_Script: {fileID: 11500000, guid: aa68102a7a680494e8aebcb200a80524, type: 3}
  m_Name: 
  m_EditorClassIdentifier: 
  sun: {fileID: 886127219}
  loadingScreenManager: {fileID: 543746340}
  rotationSpeed: 20
  rotationAxis: {x: 0, y: 1, z: 0}
  canEnter: 0
--- !u!135 &1975177313
SphereCollider:
  m_ObjectHideFlags: 0
  m_PrefabParentObject: {fileID: 0}
  m_PrefabInternal: {fileID: 0}
  m_GameObject: {fileID: 1975177311}
  m_Material: {fileID: 0}
  m_IsTrigger: 0
  m_Enabled: 1
  serializedVersion: 2
  m_Radius: 1.98
  m_Center: {x: 0.0000019073486, y: 0.000000029802322, z: 0.0002657175}
